@misc{goodfellow2014generative,
  title         = {Generative Adversarial Networks},
  author        = {Ian J. Goodfellow and Jean Pouget-Abadie and Mehdi Mirza and Bing Xu and David Warde-Farley and Sherjil Ozair and Aaron Courville and Yoshua Bengio},
  year          = {2014},
  eprint        = {1406.2661},
  archiveprefix = {arXiv},
  primaryclass  = {stat.ML}
}
@misc{he2015deep,
  title         = {Deep Residual Learning for Image Recognition},
  author        = {Kaiming He and Xiangyu Zhang and Shaoqing Ren and Jian Sun},
  year          = {2015},
  eprint        = {1512.03385},
  archiveprefix = {arXiv},
  primaryclass  = {cs.CV}
}
@misc{ioffe2015batch,
  title         = {Batch Normalization: Accelerating Deep Network Training by Reducing Internal Covariate Shift},
  author        = {Sergey Ioffe and Christian Szegedy},
  year          = {2015},
  eprint        = {1502.03167},
  archiveprefix = {arXiv},
  primaryclass  = {cs.LG}
}
@article{ILSVRC15,
  author  = {Olga Russakovsky and Jia Deng and Hao Su and Jonathan Krause and Sanjeev Satheesh and Sean Ma and Zhiheng Huang and Andrej Karpathy and Aditya Khosla and Michael Bernstein and Alexander C. Berg and Li Fei-Fei},
  title   = {{ImageNet Large Scale Visual Recognition Challenge}},
  year    = {2015},
  journal = {International Journal of Computer Vision (IJCV)},
  doi     = {10.1007/s11263-015-0816-y},
  volume  = {115},
  number  = {3},
  pages   = {211-252}
}

@misc{denton2015deep,
  title         = {Deep Generative Image Models using a Laplacian Pyramid of Adversarial Networks},
  author        = {Emily Denton and Soumith Chintala and Arthur Szlam and Rob Fergus},
  year          = {2015},
  eprint        = {1506.05751},
  archiveprefix = {arXiv},
  primaryclass  = {cs.CV}
}

@misc{mansimov2016generating,
  title         = {Generating Images from Captions with Attention},
  author        = {Elman Mansimov and Emilio Parisotto and Jimmy Lei Ba and Ruslan Salakhutdinov},
  year          = {2016},
  eprint        = {1511.02793},
  archiveprefix = {arXiv},
  primaryclass  = {cs.LG}
}
